@InBook{George1996,
	author = {George. GRÄTZER},
	title = {Math into LaTeX},
	chapter = {Introduction},
	publisher = {Boston:Birkhäuser },
	address = {Boston},
	year = {1996},
	edition = {1},
	ISBN = {37-6434-131-9},
}

@InBook{Rybicka2003,
	author = {Jiří RYBIČKA},
	title = {LaTeX pro začátečníky},
	chapter = {Základní informace},
	publisher = {Konvoj},
	address = {Brno},
	year = {2003},
	edition = {3},
	ISBN = {80-7302-049-1},
}

@Misc{Martinek2010,
	author = {David MARTINEK},
	title = {LaTeXové speciality},
	howpublished = {[online]},
	year = {rev. 25. únor 2010},
	note = {[vid. 2018-04-15]},
	url = {http://www.fit.vutbr.cz/~martinek/latex/index.html},
}

@Misc{Simecek2013,
	author = {Martin ŠIMEČEK},
	title = {LaTeX 1.\,--\,Co to je a proč se ho chtít učit?},
	howpublished = {[online]},
	year = {rev. 21. srpen 2013},
	note = {[vid. 2018-04-15]},
	url = {http://programujte.com/clanek/2013080500},
}

@Misc{Neme2003,
	author = {Miloš NĚME},
	title = {Hypertextové odkazy v TeXu},
	howpublished = {[online]},
	year = {rev. 12.8.2005},
	note = {[vid. 2018-04-15]},
	url = {http://www.milosnemec.cz/clanek.php?id=36},
}

@MastersThesis{Solcova2012,
	author = {Tereza ŠOLCOVÁ},
	title = {Databáze v TEXu},
	school = {Univerzita Palackého v Olomouci. Přírodovědecká fakulta. Katedra matematické analýzy a 					aplikací matematiky},
	year = {2012},
	type = {Bakalářská práce},
}

@MastersThesis{Bojko2011,
	author = {Pavel BOJKO},
	title = {Problematika sazby odborného textu v prostředí LaTeX},
	school = {Jihočeská univerzita v Českých Budějovicích Přírodovědecká fakulta},
	year = {2011},
	type = {Bakalářská práce},
}

@Article{Olsak1997,
	author = {Petr OLŠÁK},
	title = {TeX pro pragmatiky},
	journal = {Zpravodaj Československého sdružení uživatelů TeXu},
	volume = {7},
	number = {3},
	pages = {119\,--\,120},
	year = {1997},
	ISSN = {1211-6661},
}

@Article{Oksuz2008,
	author = {Ozcan OKSÜZ and Uğur GÜDÜKBAY and A. Enis ÇETIN},
	title = {A video-based text and equation editor for LaTeX},
	journal = {Engineering Applications of Artificial Intelligence},
	volume = {21},
	number = {6},
	pages = {952\,--\,960},
	year = {2008},
	ISSN = {0952-1976},
}

@Article{Demaine2015,
	author = {Demaine Erik D. and Demaine Martin L.},
	title = {Fun with fonts: Algorithmic typography},
	journal = {Theoretical Computer Science},
	volume = {586},
	number = {N/A},
	pages = {111\,--\,119},
	year = {2015},
	ISSN = {0304-3975},
}
